%YAML 1.1
%TAG !u! tag:unity3d.com,2011:
--- !u!1001 &100100000
Prefab:
  m_ObjectHideFlags: 1
  serializedVersion: 2
  m_Modification:
    m_TransformParent: {fileID: 0}
    m_Modifications: []
    m_RemovedComponents: []
  m_ParentPrefab: {fileID: 0}
  m_RootGameObject: {fileID: 1534304110687786}
  m_IsPrefabParent: 1
--- !u!1 &1042599349825696
GameObject:
  m_ObjectHideFlags: 0
  m_PrefabParentObject: {fileID: 0}
  m_PrefabInternal: {fileID: 100100000}
  serializedVersion: 5
  m_Component:
  - component: {fileID: 4675314374008922}
  - component: {fileID: 137657598352254304}
  m_Layer: 0
  m_Name: Goble_mon02
  m_TagString: Untagged
  m_Icon: {fileID: 0}
  m_NavMeshLayer: 0
  m_StaticEditorFlags: 0
  m_IsActive: 1
--- !u!1 &1070176735679960
GameObject:
  m_ObjectHideFlags: 1
  m_PrefabParentObject: {fileID: 0}
  m_PrefabInternal: {fileID: 100100000}
  serializedVersion: 5
  m_Component:
  - component: {fileID: 4050608744982232}
  m_Layer: 0
  m_Name: Goble_R_ear001
  m_TagString: Untagged
  m_Icon: {fileID: 0}
  m_NavMeshLayer: 0
  m_StaticEditorFlags: 0
  m_IsActive: 1
--- !u!1 &1089954844358278
GameObject:
  m_ObjectHideFlags: 1
  m_PrefabParentObject: {fileID: 0}
  m_PrefabInternal: {fileID: 100100000}
  serializedVersion: 5
  m_Component:
  - component: {fileID: 4270210715978702}
  m_Layer: 0
  m_Name: Goble_Bip001 R Hand
  m_TagString: Untagged
  m_Icon: {fileID: 0}
  m_NavMeshLayer: 0
  m_StaticEditorFlags: 0
  m_IsActive: 1
--- !u!1 &1092630903891046
GameObject:
  m_ObjectHideFlags: 1
  m_PrefabParentObject: {fileID: 0}
  m_PrefabInternal: {fileID: 100100000}
  serializedVersion: 5
  m_Component:
  - component: {fileID: 4383110807216190}
  m_Layer: 0
  m_Name: Goble_Bip001 L Calf
  m_TagString: Untagged
  m_Icon: {fileID: 0}
  m_NavMeshLayer: 0
  m_StaticEditorFlags: 0
  m_IsActive: 1
--- !u!1 &1116380996363676
GameObject:
  m_ObjectHideFlags: 1
  m_PrefabParentObject: {fileID: 0}
  m_PrefabInternal: {fileID: 100100000}
  serializedVersion: 5
  m_Component:
  - component: {fileID: 4096610601087106}
  m_Layer: 0
  m_Name: Goble_Bip001 R Toe0Nub
  m_TagString: Untagged
  m_Icon: {fileID: 0}
  m_NavMeshLayer: 0
  m_StaticEditorFlags: 0
  m_IsActive: 1
--- !u!1 &1129668325610482
GameObject:
  m_ObjectHideFlags: 1
  m_PrefabParentObject: {fileID: 0}
  m_PrefabInternal: {fileID: 100100000}
  serializedVersion: 5
  m_Component:
  - component: {fileID: 4975676725671756}
  m_Layer: 0
  m_Name: Goble_Bip001 Head
  m_TagString: Untagged
  m_Icon: {fileID: 0}
  m_NavMeshLayer: 0
  m_StaticEditorFlags: 0
  m_IsActive: 1
--- !u!1 &1175617752822282
GameObject:
  m_ObjectHideFlags: 1
  m_PrefabParentObject: {fileID: 0}
  m_PrefabInternal: {fileID: 100100000}
  serializedVersion: 5
  m_Component:
  - component: {fileID: 4817014730209584}
  m_Layer: 0
  m_Name: Goble_Bip001 Footsteps
  m_TagString: Untagged
  m_Icon: {fileID: 0}
  m_NavMeshLayer: 0
  m_StaticEditorFlags: 0
  m_IsActive: 1
--- !u!1 &1193907484565834
GameObject:
  m_ObjectHideFlags: 1
  m_PrefabParentObject: {fileID: 0}
  m_PrefabInternal: {fileID: 100100000}
  serializedVersion: 5
  m_Component:
  - component: {fileID: 4249404593223460}
  m_Layer: 0
  m_Name: Goble_Bip001 R Clavicle
  m_TagString: Untagged
  m_Icon: {fileID: 0}
  m_NavMeshLayer: 0
  m_StaticEditorFlags: 0
  m_IsActive: 1
--- !u!1 &1196722503354966
GameObject:
  m_ObjectHideFlags: 1
  m_PrefabParentObject: {fileID: 0}
  m_PrefabInternal: {fileID: 100100000}
  serializedVersion: 5
  m_Component:
  - component: {fileID: 4691560892873032}
  m_Layer: 0
  m_Name: Goble_Bip001 Pelvis
  m_TagString: Untagged
  m_Icon: {fileID: 0}
  m_NavMeshLayer: 0
  m_StaticEditorFlags: 0
  m_IsActive: 1
--- !u!1 &1248827408804336
GameObject:
  m_ObjectHideFlags: 1
  m_PrefabParentObject: {fileID: 0}
  m_PrefabInternal: {fileID: 100100000}
  serializedVersion: 5
  m_Component:
  - component: {fileID: 4459902452142888}
  m_Layer: 0
  m_Name: Goble_L_ear
  m_TagString: Untagged
  m_Icon: {fileID: 0}
  m_NavMeshLayer: 0
  m_StaticEditorFlags: 0
  m_IsActive: 1
--- !u!1 &1282065036243978
GameObject:
  m_ObjectHideFlags: 1
  m_PrefabParentObject: {fileID: 0}
  m_PrefabInternal: {fileID: 100100000}
  serializedVersion: 5
  m_Component:
  - component: {fileID: 4651344565181494}
  m_Layer: 0
  m_Name: Goble_Bip001 L Forearm
  m_TagString: Untagged
  m_Icon: {fileID: 0}
  m_NavMeshLayer: 0
  m_StaticEditorFlags: 0
  m_IsActive: 1
--- !u!1 &1290916317313540
GameObject:
  m_ObjectHideFlags: 1
  m_PrefabParentObject: {fileID: 0}
  m_PrefabInternal: {fileID: 100100000}
  serializedVersion: 5
  m_Component:
  - component: {fileID: 224602256983447336}
  - component: {fileID: 222352213099238836}
  - component: {fileID: 114810822533340742}
  - component: {fileID: 114717960624436952}
  - component: {fileID: 114254866512755386}
  m_Layer: 5
  m_Name: HealthBar
  m_TagString: Untagged
  m_Icon: {fileID: 0}
  m_NavMeshLayer: 0
  m_StaticEditorFlags: 0
  m_IsActive: 1
--- !u!1 &1314420709543756
GameObject:
  m_ObjectHideFlags: 1
  m_PrefabParentObject: {fileID: 0}
  m_PrefabInternal: {fileID: 100100000}
  serializedVersion: 5
  m_Component:
  - component: {fileID: 4301386128679944}
  m_Layer: 0
  m_Name: Goble_Bip001 R Toe0
  m_TagString: Untagged
  m_Icon: {fileID: 0}
  m_NavMeshLayer: 0
  m_StaticEditorFlags: 0
  m_IsActive: 1
--- !u!1 &1320908028169262
GameObject:
  m_ObjectHideFlags: 0
  m_PrefabParentObject: {fileID: 0}
  m_PrefabInternal: {fileID: 100100000}
  serializedVersion: 5
  m_Component:
  - component: {fileID: 4407242095511852}
  - component: {fileID: 137445161790682102}
  m_Layer: 0
  m_Name: Goble_weapon
  m_TagString: Untagged
  m_Icon: {fileID: 0}
  m_NavMeshLayer: 0
  m_StaticEditorFlags: 0
  m_IsActive: 1
--- !u!1 &1328261485443088
GameObject:
  m_ObjectHideFlags: 0
  m_PrefabParentObject: {fileID: 0}
  m_PrefabInternal: {fileID: 100100000}
  serializedVersion: 5
  m_Component:
  - component: {fileID: 4405514098637838}
  m_Layer: 0
  m_Name: Goble_Bip001
  m_TagString: Untagged
  m_Icon: {fileID: 0}
  m_NavMeshLayer: 0
  m_StaticEditorFlags: 0
  m_IsActive: 1
--- !u!1 &1336241360911982
GameObject:
  m_ObjectHideFlags: 1
  m_PrefabParentObject: {fileID: 0}
  m_PrefabInternal: {fileID: 100100000}
  serializedVersion: 5
  m_Component:
  - component: {fileID: 4979874626222140}
  m_Layer: 0
  m_Name: Goble_L_eye_Bone001
  m_TagString: Untagged
  m_Icon: {fileID: 0}
  m_NavMeshLayer: 0
  m_StaticEditorFlags: 0
  m_IsActive: 1
--- !u!1 &1412579310786372
GameObject:
  m_ObjectHideFlags: 1
  m_PrefabParentObject: {fileID: 0}
  m_PrefabInternal: {fileID: 100100000}
  serializedVersion: 5
  m_Component:
  - component: {fileID: 4922972535011686}
  m_Layer: 0
  m_Name: Goble_Bip001 Spine
  m_TagString: Untagged
  m_Icon: {fileID: 0}
  m_NavMeshLayer: 0
  m_StaticEditorFlags: 0
  m_IsActive: 1
--- !u!1 &1426387435977606
GameObject:
  m_ObjectHideFlags: 1
  m_PrefabParentObject: {fileID: 0}
  m_PrefabInternal: {fileID: 100100000}
  serializedVersion: 5
  m_Component:
  - component: {fileID: 4467695608143510}
  m_Layer: 0
  m_Name: Goble_Bip001 Spine1
  m_TagString: Untagged
  m_Icon: {fileID: 0}
  m_NavMeshLayer: 0
  m_StaticEditorFlags: 0
  m_IsActive: 1
--- !u!1 &1452876991525060
GameObject:
  m_ObjectHideFlags: 1
  m_PrefabParentObject: {fileID: 0}
  m_PrefabInternal: {fileID: 100100000}
  serializedVersion: 5
  m_Component:
  - component: {fileID: 4118534461792760}
  m_Layer: 0
  m_Name: Goble_Bip001 L Clavicle
  m_TagString: Untagged
  m_Icon: {fileID: 0}
  m_NavMeshLayer: 0
  m_StaticEditorFlags: 0
  m_IsActive: 1
--- !u!1 &1524325225049988
GameObject:
  m_ObjectHideFlags: 1
  m_PrefabParentObject: {fileID: 0}
  m_PrefabInternal: {fileID: 100100000}
  serializedVersion: 5
  m_Component:
  - component: {fileID: 4326981494352578}
  m_Layer: 0
  m_Name: Goble_Bip001 L Toe0
  m_TagString: Untagged
  m_Icon: {fileID: 0}
  m_NavMeshLayer: 0
  m_StaticEditorFlags: 0
  m_IsActive: 1
--- !u!1 &1533330747511586
GameObject:
  m_ObjectHideFlags: 1
  m_PrefabParentObject: {fileID: 0}
  m_PrefabInternal: {fileID: 100100000}
  serializedVersion: 5
  m_Component:
  - component: {fileID: 4999337712865998}
  m_Layer: 0
  m_Name: Goble_Bip001 L Foot
  m_TagString: Untagged
  m_Icon: {fileID: 0}
  m_NavMeshLayer: 0
  m_StaticEditorFlags: 0
  m_IsActive: 1
--- !u!1 &1534304110687786
GameObject:
  m_ObjectHideFlags: 0
  m_PrefabParentObject: {fileID: 0}
  m_PrefabInternal: {fileID: 100100000}
  serializedVersion: 5
  m_Component:
  - component: {fileID: 4136581628122556}
  - component: {fileID: 95324583110679378}
  - component: {fileID: 54675036624036270}
  - component: {fileID: 195350126918120050}
  - component: {fileID: 136748907269534006}
  - component: {fileID: 114982574695843064}
  - component: {fileID: 114949594087524288}
  - component: {fileID: 114050538293509878}
  - component: {fileID: 114138388208698228}
  m_Layer: 0
  m_Name: Goble
  m_TagString: Enemy
  m_Icon: {fileID: 0}
  m_NavMeshLayer: 0
  m_StaticEditorFlags: 0
  m_IsActive: 1
--- !u!1 &1564512868950862
GameObject:
  m_ObjectHideFlags: 1
  m_PrefabParentObject: {fileID: 0}
  m_PrefabInternal: {fileID: 100100000}
  serializedVersion: 5
  m_Component:
  - component: {fileID: 4060028529535248}
  m_Layer: 0
  m_Name: Goble_Bip001 L Toe0Nub
  m_TagString: Untagged
  m_Icon: {fileID: 0}
  m_NavMeshLayer: 0
  m_StaticEditorFlags: 0
  m_IsActive: 1
--- !u!1 &1565828975291982
GameObject:
  m_ObjectHideFlags: 1
  m_PrefabParentObject: {fileID: 0}
  m_PrefabInternal: {fileID: 100100000}
  serializedVersion: 5
  m_Component:
  - component: {fileID: 4081346486836574}
  m_Layer: 0
  m_Name: Goble_Bip001 R Thigh
  m_TagString: Untagged
  m_Icon: {fileID: 0}
  m_NavMeshLayer: 0
  m_StaticEditorFlags: 0
  m_IsActive: 1
--- !u!1 &1576095612674776
GameObject:
  m_ObjectHideFlags: 1
  m_PrefabParentObject: {fileID: 0}
  m_PrefabInternal: {fileID: 100100000}
  serializedVersion: 5
  m_Component:
  - component: {fileID: 4562021514367452}
  m_Layer: 0
  m_Name: Goble_Bip001 Prop1
  m_TagString: Untagged
  m_Icon: {fileID: 0}
  m_NavMeshLayer: 0
  m_StaticEditorFlags: 0
  m_IsActive: 1
--- !u!1 &1618207658312158
GameObject:
  m_ObjectHideFlags: 1
  m_PrefabParentObject: {fileID: 0}
  m_PrefabInternal: {fileID: 100100000}
  serializedVersion: 5
  m_Component:
  - component: {fileID: 4476607703167442}
  m_Layer: 0
  m_Name: Goble_Bip001 HeadNub
  m_TagString: Untagged
  m_Icon: {fileID: 0}
  m_NavMeshLayer: 0
  m_StaticEditorFlags: 0
  m_IsActive: 1
--- !u!1 &1619137983538136
GameObject:
  m_ObjectHideFlags: 1
  m_PrefabParentObject: {fileID: 0}
  m_PrefabInternal: {fileID: 100100000}
  serializedVersion: 5
  m_Component:
  - component: {fileID: 4458689870723488}
  m_Layer: 0
  m_Name: Goble_R_eye_Bone001
  m_TagString: Untagged
  m_Icon: {fileID: 0}
  m_NavMeshLayer: 0
  m_StaticEditorFlags: 0
  m_IsActive: 1
--- !u!1 &1633439668032608
GameObject:
  m_ObjectHideFlags: 1
  m_PrefabParentObject: {fileID: 0}
  m_PrefabInternal: {fileID: 100100000}
  serializedVersion: 5
  m_Component:
  - component: {fileID: 4456907957373768}
  m_Layer: 0
  m_Name: Goble_Bip001 L Thigh
  m_TagString: Untagged
  m_Icon: {fileID: 0}
  m_NavMeshLayer: 0
  m_StaticEditorFlags: 0
  m_IsActive: 1
--- !u!1 &1665942766070494
GameObject:
  m_ObjectHideFlags: 1
  m_PrefabParentObject: {fileID: 0}
  m_PrefabInternal: {fileID: 100100000}
  serializedVersion: 5
  m_Component:
  - component: {fileID: 4043328397614686}
  m_Layer: 0
  m_Name: Goble_Bip001 R Foot
  m_TagString: Untagged
  m_Icon: {fileID: 0}
  m_NavMeshLayer: 0
  m_StaticEditorFlags: 0
  m_IsActive: 1
--- !u!1 &1673499279950766
GameObject:
  m_ObjectHideFlags: 1
  m_PrefabParentObject: {fileID: 0}
  m_PrefabInternal: {fileID: 100100000}
  serializedVersion: 5
  m_Component:
  - component: {fileID: 4370645558633856}
  m_Layer: 0
  m_Name: Goble_Bip001 R Calf
  m_TagString: Untagged
  m_Icon: {fileID: 0}
  m_NavMeshLayer: 0
  m_StaticEditorFlags: 0
  m_IsActive: 1
--- !u!1 &1714649459512140
GameObject:
  m_ObjectHideFlags: 1
  m_PrefabParentObject: {fileID: 0}
  m_PrefabInternal: {fileID: 100100000}
  serializedVersion: 5
  m_Component:
  - component: {fileID: 4615400135317712}
  m_Layer: 0
  m_Name: Goble_Bip001 R UpperArm
  m_TagString: Untagged
  m_Icon: {fileID: 0}
  m_NavMeshLayer: 0
  m_StaticEditorFlags: 0
  m_IsActive: 1
--- !u!1 &1735011465744824
GameObject:
  m_ObjectHideFlags: 1
  m_PrefabParentObject: {fileID: 0}
  m_PrefabInternal: {fileID: 100100000}
  serializedVersion: 5
  m_Component:
  - component: {fileID: 4122476688231194}
  m_Layer: 0
  m_Name: Goble_Bip001 L UpperArm
  m_TagString: Untagged
  m_Icon: {fileID: 0}
  m_NavMeshLayer: 0
  m_StaticEditorFlags: 0
  m_IsActive: 1
--- !u!1 &1743076267924004
GameObject:
  m_ObjectHideFlags: 0
  m_PrefabParentObject: {fileID: 0}
  m_PrefabInternal: {fileID: 100100000}
  serializedVersion: 5
  m_Component:
  - component: {fileID: 4418478413837836}
  - component: {fileID: 135730685264315892}
  - component: {fileID: 114638138047396242}
  m_Layer: 0
  m_Name: DetectionRadius
  m_TagString: Untagged
  m_Icon: {fileID: 0}
  m_NavMeshLayer: 0
  m_StaticEditorFlags: 0
  m_IsActive: 1
--- !u!1 &1746243042455514
GameObject:
  m_ObjectHideFlags: 0
  m_PrefabParentObject: {fileID: 0}
  m_PrefabInternal: {fileID: 100100000}
  serializedVersion: 5
  m_Component:
  - component: {fileID: 4509871794772566}
  - component: {fileID: 135537482520862770}
  - component: {fileID: 114640952767781728}
  m_Layer: 0
  m_Name: AttackingRadius
  m_TagString: Untagged
  m_Icon: {fileID: 0}
  m_NavMeshLayer: 0
  m_StaticEditorFlags: 0
  m_IsActive: 1
--- !u!1 &1752907979613078
GameObject:
  m_ObjectHideFlags: 0
  m_PrefabParentObject: {fileID: 0}
  m_PrefabInternal: {fileID: 100100000}
  serializedVersion: 5
  m_Component:
  - component: {fileID: 224510682951772270}
  - component: {fileID: 223290235040226642}
  - component: {fileID: 114738806286650894}
  - component: {fileID: 114291316458877630}
  m_Layer: 5
  m_Name: HealthBarCanvas
  m_TagString: Untagged
  m_Icon: {fileID: 0}
  m_NavMeshLayer: 0
  m_StaticEditorFlags: 0
  m_IsActive: 1
--- !u!1 &1830850029361130
GameObject:
  m_ObjectHideFlags: 1
  m_PrefabParentObject: {fileID: 0}
  m_PrefabInternal: {fileID: 100100000}
  serializedVersion: 5
  m_Component:
  - component: {fileID: 4897687909582128}
  m_Layer: 0
  m_Name: Goble_Bip001 Neck
  m_TagString: Untagged
  m_Icon: {fileID: 0}
  m_NavMeshLayer: 0
  m_StaticEditorFlags: 0
  m_IsActive: 1
--- !u!1 &1834986981747036
GameObject:
  m_ObjectHideFlags: 1
  m_PrefabParentObject: {fileID: 0}
  m_PrefabInternal: {fileID: 100100000}
  serializedVersion: 5
  m_Component:
  - component: {fileID: 4898426724815152}
  m_Layer: 0
  m_Name: Goble_Bip001 R Forearm
  m_TagString: Untagged
  m_Icon: {fileID: 0}
  m_NavMeshLayer: 0
  m_StaticEditorFlags: 0
  m_IsActive: 1
--- !u!1 &1885575977838098
GameObject:
  m_ObjectHideFlags: 1
  m_PrefabParentObject: {fileID: 0}
  m_PrefabInternal: {fileID: 100100000}
  serializedVersion: 5
  m_Component:
  - component: {fileID: 4888568576212414}
  m_Layer: 0
  m_Name: Goble_Bip001 L Hand
  m_TagString: Untagged
  m_Icon: {fileID: 0}
  m_NavMeshLayer: 0
  m_StaticEditorFlags: 0
  m_IsActive: 1
--- !u!4 &4043328397614686
Transform:
  m_ObjectHideFlags: 1
  m_PrefabParentObject: {fileID: 0}
  m_PrefabInternal: {fileID: 100100000}
  m_GameObject: {fileID: 1665942766070494}
  m_LocalRotation: {x: -0.024502082, y: -0.09763905, z: -0.24892257, w: 0.96327764}
  m_LocalPosition: {x: -0.2540175, y: 0, z: 0.000000024795533}
  m_LocalScale: {x: 1, y: 0.99999994, z: 0.99999994}
  m_Children:
  - {fileID: 4301386128679944}
  m_Father: {fileID: 4370645558633856}
  m_RootOrder: 0
  m_LocalEulerAnglesHint: {x: 0, y: 0, z: 0}
--- !u!4 &4050608744982232
Transform:
  m_ObjectHideFlags: 1
  m_PrefabParentObject: {fileID: 0}
  m_PrefabInternal: {fileID: 100100000}
  m_GameObject: {fileID: 1070176735679960}
  m_LocalRotation: {x: 0.2779556, y: 0.46220165, z: -0.5773066, w: 0.61304766}
  m_LocalPosition: {x: -0.32306546, y: 0.1246347, z: -0.28886697}
  m_LocalScale: {x: -2.690086, y: -1.0000004, z: -1.0000004}
  m_Children: []
  m_Father: {fileID: 4975676725671756}
  m_RootOrder: 3
  m_LocalEulerAnglesHint: {x: 0, y: 0, z: 0}
--- !u!4 &4060028529535248
Transform:
  m_ObjectHideFlags: 1
  m_PrefabParentObject: {fileID: 0}
  m_PrefabInternal: {fileID: 100100000}
  m_GameObject: {fileID: 1564512868950862}
  m_LocalRotation: {x: 3.8962642e-16, y: -3.6991552e-31, z: 1, w: 9.494107e-16}
  m_LocalPosition: {x: -0.015017836, y: -3.874302e-10, z: 0}
  m_LocalScale: {x: -1.0000001, y: -1, z: -1.0000001}
  m_Children: []
  m_Father: {fileID: 4326981494352578}
  m_RootOrder: 0
  m_LocalEulerAnglesHint: {x: 0, y: 0, z: 0}
--- !u!4 &4081346486836574
Transform:
  m_ObjectHideFlags: 1
  m_PrefabParentObject: {fileID: 0}
  m_PrefabInternal: {fileID: 100100000}
  m_GameObject: {fileID: 1565828975291982}
  m_LocalRotation: {x: -0.20042287, y: 0.9700526, z: -0.070483714, w: -0.1177318}
  m_LocalPosition: {x: 0.15539192, y: 0.021428494, z: -0.2724037}
  m_LocalScale: {x: 1, y: 1, z: 1}
  m_Children:
  - {fileID: 4370645558633856}
  m_Father: {fileID: 4922972535011686}
  m_RootOrder: 1
  m_LocalEulerAnglesHint: {x: 0, y: 0, z: 0}
--- !u!4 &4096610601087106
Transform:
  m_ObjectHideFlags: 1
  m_PrefabParentObject: {fileID: 0}
  m_PrefabInternal: {fileID: 100100000}
  m_GameObject: {fileID: 1116380996363676}
  m_LocalRotation: {x: -3.0155587e-31, y: 3.395217e-16, z: 8.881785e-16, w: 1}
  m_LocalPosition: {x: -0.015017873, y: 0, z: 0.000000024795533}
  m_LocalScale: {x: 0.99999994, y: 0.99999994, z: 0.99999994}
  m_Children: []
  m_Father: {fileID: 4301386128679944}
  m_RootOrder: 0
  m_LocalEulerAnglesHint: {x: 0, y: 0, z: 0}
--- !u!4 &4118534461792760
Transform:
  m_ObjectHideFlags: 1
  m_PrefabParentObject: {fileID: 0}
  m_PrefabInternal: {fileID: 100100000}
  m_GameObject: {fileID: 1452876991525060}
  m_LocalRotation: {x: -0.5691387, y: -0.00022775588, z: 0.8222414, w: -0.00032659146}
  m_LocalPosition: {x: 0.010103584, y: -0.0075267334, z: 0.14109941}
  m_LocalScale: {x: 1, y: 1, z: 1.0000001}
  m_Children:
  - {fileID: 4122476688231194}
  m_Father: {fileID: 4897687909582128}
  m_RootOrder: 1
  m_LocalEulerAnglesHint: {x: 0, y: 0, z: 0}
--- !u!4 &4122476688231194
Transform:
  m_ObjectHideFlags: 1
  m_PrefabParentObject: {fileID: 0}
  m_PrefabInternal: {fileID: 100100000}
  m_GameObject: {fileID: 1735011465744824}
  m_LocalRotation: {x: -0.18232104, y: -0.3781101, z: -0.0025333334, w: 0.9076262}
  m_LocalPosition: {x: -0.13015477, y: 0, z: 0}
  m_LocalScale: {x: 0.9999999, y: 0.99999994, z: 0.99999994}
  m_Children:
  - {fileID: 4651344565181494}
  m_Father: {fileID: 4118534461792760}
  m_RootOrder: 0
  m_LocalEulerAnglesHint: {x: 0, y: 0, z: 0}
--- !u!4 &4136581628122556
Transform:
  m_ObjectHideFlags: 1
  m_PrefabParentObject: {fileID: 0}
  m_PrefabInternal: {fileID: 100100000}
  m_GameObject: {fileID: 1534304110687786}
  m_LocalRotation: {x: 0, y: 0, z: 0, w: 1}
  m_LocalPosition: {x: 0, y: 0, z: 0}
  m_LocalScale: {x: 1, y: 1, z: 1}
  m_Children:
  - {fileID: 224510682951772270}
  - {fileID: 4418478413837836}
  - {fileID: 4509871794772566}
  - {fileID: 4405514098637838}
  - {fileID: 4675314374008922}
  - {fileID: 4407242095511852}
  m_Father: {fileID: 0}
  m_RootOrder: 0
  m_LocalEulerAnglesHint: {x: 0, y: 0, z: 0}
--- !u!4 &4249404593223460
Transform:
  m_ObjectHideFlags: 1
  m_PrefabParentObject: {fileID: 0}
  m_PrefabInternal: {fileID: 100100000}
  m_GameObject: {fileID: 1193907484565834}
  m_LocalRotation: {x: 0.56913865, y: 0.00022547327, z: 0.8222415, w: -0.00032816708}
  m_LocalPosition: {x: 0.010103584, y: -0.00752594, z: -0.14109944}
  m_LocalScale: {x: 0.99999994, y: 1, z: 1.0000001}
  m_Children:
  - {fileID: 4615400135317712}
  m_Father: {fileID: 4897687909582128}
  m_RootOrder: 2
  m_LocalEulerAnglesHint: {x: 0, y: 0, z: 0}
--- !u!4 &4270210715978702
Transform:
  m_ObjectHideFlags: 1
  m_PrefabParentObject: {fileID: 0}
  m_PrefabInternal: {fileID: 100100000}
  m_GameObject: {fileID: 1089954844358278}
  m_LocalRotation: {x: 0.7068252, y: -0.000000021081812, z: 0.000000021065032, w: 0.7073882}
  m_LocalPosition: {x: -0.20316207, y: 0, z: 0}
  m_LocalScale: {x: 1, y: 1.0000002, z: 1}
  m_Children: []
  m_Father: {fileID: 4898426724815152}
  m_RootOrder: 0
  m_LocalEulerAnglesHint: {x: 0, y: 0, z: 0}
--- !u!4 &4301386128679944
Transform:
  m_ObjectHideFlags: 1
  m_PrefabParentObject: {fileID: 0}
  m_PrefabInternal: {fileID: 100100000}
  m_GameObject: {fileID: 1314420709543756}
  m_LocalRotation: {x: -0.000000015454312, y: 0.000000015454312, z: -0.7071068, w: 0.7071068}
  m_LocalPosition: {x: -0.115137, y: 0.14817631, z: -0.000000024795533}
  m_LocalScale: {x: 0.99999994, y: 0.99999994, z: 0.99999994}
  m_Children:
  - {fileID: 4096610601087106}
  m_Father: {fileID: 4043328397614686}
  m_RootOrder: 0
  m_LocalEulerAnglesHint: {x: 0, y: 0, z: 0}
--- !u!4 &4326981494352578
Transform:
  m_ObjectHideFlags: 1
  m_PrefabParentObject: {fileID: 0}
  m_PrefabInternal: {fileID: 100100000}
  m_GameObject: {fileID: 1524325225049988}
  m_LocalRotation: {x: -0.000000015454312, y: 0.000000015454312, z: -0.7071068, w: 0.7071068}
  m_LocalPosition: {x: -0.11513702, y: 0.3324573, z: 0}
  m_LocalScale: {x: 1.0000001, y: 1, z: 1.0000001}
  m_Children:
  - {fileID: 4060028529535248}
  m_Father: {fileID: 4999337712865998}
  m_RootOrder: 0
  m_LocalEulerAnglesHint: {x: 0, y: 0, z: 0}
--- !u!4 &4370645558633856
Transform:
  m_ObjectHideFlags: 1
  m_PrefabParentObject: {fileID: 0}
  m_PrefabInternal: {fileID: 100100000}
  m_GameObject: {fileID: 1673499279950766}
  m_LocalRotation: {x: -0.000000023260943, y: -0.00000002837382, z: 0.44920212, w: 0.8934302}
  m_LocalPosition: {x: -0.28588524, y: -0.000000024795533, z: 0}
  m_LocalScale: {x: 0.99999994, y: 1.0000001, z: 1.0000001}
  m_Children:
  - {fileID: 4043328397614686}
  m_Father: {fileID: 4081346486836574}
  m_RootOrder: 0
  m_LocalEulerAnglesHint: {x: 0, y: 0, z: 0}
--- !u!4 &4383110807216190
Transform:
  m_ObjectHideFlags: 1
  m_PrefabParentObject: {fileID: 0}
  m_PrefabInternal: {fileID: 100100000}
  m_GameObject: {fileID: 1092630903891046}
  m_LocalRotation: {x: -0.0000000066936328, y: 0.000000013313147, z: 0.4492021, w: 0.8934302}
  m_LocalPosition: {x: -0.28588524, y: 0, z: 0}
  m_LocalScale: {x: 1, y: 1.0000001, z: 1}
  m_Children:
  - {fileID: 4999337712865998}
  m_Father: {fileID: 4456907957373768}
  m_RootOrder: 0
  m_LocalEulerAnglesHint: {x: 0, y: 0, z: 0}
--- !u!4 &4405514098637838
Transform:
  m_ObjectHideFlags: 1
  m_PrefabParentObject: {fileID: 0}
  m_PrefabInternal: {fileID: 100100000}
  m_GameObject: {fileID: 1328261485443088}
  m_LocalRotation: {x: -0.50000036, y: 0.49999964, z: 0.49999964, w: 0.50000036}
  m_LocalPosition: {x: -0, y: 0.58392173, z: -0.042531367}
  m_LocalScale: {x: 0.99999994, y: 0.99999994, z: 1}
  m_Children:
  - {fileID: 4817014730209584}
  - {fileID: 4691560892873032}
  - {fileID: 4562021514367452}
  m_Father: {fileID: 4136581628122556}
  m_RootOrder: 3
  m_LocalEulerAnglesHint: {x: 0, y: 0, z: 0}
--- !u!4 &4407242095511852
Transform:
  m_ObjectHideFlags: 1
  m_PrefabParentObject: {fileID: 0}
  m_PrefabInternal: {fileID: 100100000}
  m_GameObject: {fileID: 1320908028169262}
  m_LocalRotation: {x: -0.7071068, y: 0, z: -0, w: 0.7071067}
  m_LocalPosition: {x: 0.5112843, y: 0.77000475, z: 0.019434515}
  m_LocalScale: {x: 1, y: 1, z: 1}
  m_Children: []
  m_Father: {fileID: 4136581628122556}
  m_RootOrder: 5
  m_LocalEulerAnglesHint: {x: 0, y: 0, z: 0}
--- !u!4 &4418478413837836
Transform:
  m_ObjectHideFlags: 1
  m_PrefabParentObject: {fileID: 0}
  m_PrefabInternal: {fileID: 100100000}
  m_GameObject: {fileID: 1743076267924004}
  m_LocalRotation: {x: -0, y: -0, z: -0, w: 1}
  m_LocalPosition: {x: 0, y: 0, z: 0}
  m_LocalScale: {x: 1, y: 1, z: 1}
  m_Children: []
  m_Father: {fileID: 4136581628122556}
  m_RootOrder: 1
  m_LocalEulerAnglesHint: {x: 0, y: 0, z: 0}
--- !u!4 &4456907957373768
Transform:
  m_ObjectHideFlags: 1
  m_PrefabParentObject: {fileID: 0}
  m_PrefabInternal: {fileID: 100100000}
  m_GameObject: {fileID: 1633439668032608}
  m_LocalRotation: {x: -0.20042251, y: 0.97005236, z: 0.070486404, w: 0.117732234}
  m_LocalPosition: {x: 0.15539192, y: 0.021426989, z: 0.27240378}
  m_LocalScale: {x: 1, y: 1, z: 1.0000001}
  m_Children:
  - {fileID: 4383110807216190}
  m_Father: {fileID: 4922972535011686}
  m_RootOrder: 0
  m_LocalEulerAnglesHint: {x: 0, y: 0, z: 0}
--- !u!4 &4458689870723488
Transform:
  m_ObjectHideFlags: 1
  m_PrefabParentObject: {fileID: 0}
  m_PrefabInternal: {fileID: 100100000}
  m_GameObject: {fileID: 1619137983538136}
  m_LocalRotation: {x: 0.23963435, y: 0.85640997, z: 0.39276195, w: 0.23425503}
  m_LocalPosition: {x: -0.29334375, y: 0.11129227, z: -0.08829155}
  m_LocalScale: {x: -2.9861703, y: -1.407857, z: -1.0000001}
  m_Children: []
  m_Father: {fileID: 4975676725671756}
  m_RootOrder: 4
  m_LocalEulerAnglesHint: {x: 0, y: 0, z: 0}
--- !u!4 &4459902452142888
Transform:
  m_ObjectHideFlags: 1
  m_PrefabParentObject: {fileID: 0}
  m_PrefabInternal: {fileID: 100100000}
  m_GameObject: {fileID: 1248827408804336}
  m_LocalRotation: {x: -0.46746695, y: 0.27233016, z: 0.6155669, w: 0.57305187}
  m_LocalPosition: {x: -0.32306576, y: 0.124633856, z: 0.29409388}
  m_LocalScale: {x: 2.6900856, y: 0.9999999, z: 1.0000001}
  m_Children: []
  m_Father: {fileID: 4975676725671756}
  m_RootOrder: 1
  m_LocalEulerAnglesHint: {x: 0, y: 0, z: 0}
--- !u!4 &4467695608143510
Transform:
  m_ObjectHideFlags: 1
  m_PrefabParentObject: {fileID: 0}
  m_PrefabInternal: {fileID: 100100000}
  m_GameObject: {fileID: 1426387435977606}
  m_LocalRotation: {x: -4.351588e-14, y: 0.0000002248643, z: -0.08107307, w: 0.99670815}
  m_LocalPosition: {x: -0.2200904, y: -0.00020456314, z: -5.673828e-10}
  m_LocalScale: {x: 1.0000001, y: 1.0000001, z: 1}
  m_Children:
  - {fileID: 4897687909582128}
  m_Father: {fileID: 4922972535011686}
  m_RootOrder: 2
  m_LocalEulerAnglesHint: {x: 0, y: 0, z: 0}
--- !u!4 &4476607703167442
Transform:
  m_ObjectHideFlags: 1
  m_PrefabParentObject: {fileID: 0}
  m_PrefabInternal: {fileID: 100100000}
  m_GameObject: {fileID: 1618207658312158}
  m_LocalRotation: {x: -8.526513e-14, y: 0, z: -0, w: 1}
  m_LocalPosition: {x: -0.7861531, y: -0.000000049591065, z: -1.891749e-13}
  m_LocalScale: {x: 1, y: 1, z: 1}
  m_Children: []
  m_Father: {fileID: 4975676725671756}
  m_RootOrder: 0
  m_LocalEulerAnglesHint: {x: 0, y: 0, z: 0}
--- !u!4 &4509871794772566
Transform:
  m_ObjectHideFlags: 1
  m_PrefabParentObject: {fileID: 0}
  m_PrefabInternal: {fileID: 100100000}
  m_GameObject: {fileID: 1746243042455514}
  m_LocalRotation: {x: -0, y: -0, z: -0, w: 1}
  m_LocalPosition: {x: 0, y: 0, z: 0}
  m_LocalScale: {x: 1, y: 1, z: 1}
  m_Children: []
  m_Father: {fileID: 4136581628122556}
  m_RootOrder: 2
  m_LocalEulerAnglesHint: {x: 0, y: 0, z: 0}
--- !u!4 &4562021514367452
Transform:
  m_ObjectHideFlags: 1
  m_PrefabParentObject: {fileID: 0}
  m_PrefabInternal: {fileID: 100100000}
  m_GameObject: {fileID: 1576095612674776}
  m_LocalRotation: {x: 0, y: 0, z: -0.00000011920929, w: 1}
  m_LocalPosition: {x: -0.06196518, y: -0.5112844, z: 0.18608299}
  m_LocalScale: {x: 0.99999994, y: 0.99999994, z: 1}
  m_Children: []
  m_Father: {fileID: 4405514098637838}
  m_RootOrder: 2
  m_LocalEulerAnglesHint: {x: 0, y: 0, z: 0}
--- !u!4 &4615400135317712
Transform:
  m_ObjectHideFlags: 1
  m_PrefabParentObject: {fileID: 0}
  m_PrefabInternal: {fileID: 100100000}
  m_GameObject: {fileID: 1714649459512140}
  m_LocalRotation: {x: 0.18232107, y: 0.3781101, z: -0.002533355, w: 0.9076262}
  m_LocalPosition: {x: -0.13015483, y: 0, z: 0}
  m_LocalScale: {x: 1, y: 1, z: 1.0000001}
  m_Children:
  - {fileID: 4898426724815152}
  m_Father: {fileID: 4249404593223460}
  m_RootOrder: 0
  m_LocalEulerAnglesHint: {x: 0, y: 0, z: 0}
--- !u!4 &4651344565181494
Transform:
  m_ObjectHideFlags: 1
  m_PrefabParentObject: {fileID: 0}
  m_PrefabInternal: {fileID: 100100000}
  m_GameObject: {fileID: 1282065036243978}
  m_LocalRotation: {x: 0.0000000048470126, y: 0.000000015939332, z: 0.16764607, w: 0.9858473}
  m_LocalPosition: {x: -0.35164657, y: 0, z: 0}
  m_LocalScale: {x: 1, y: 1.0000001, z: 1.0000001}
  m_Children:
  - {fileID: 4888568576212414}
  m_Father: {fileID: 4122476688231194}
  m_RootOrder: 0
  m_LocalEulerAnglesHint: {x: 0, y: 0, z: 0}
--- !u!4 &4675314374008922
Transform:
  m_ObjectHideFlags: 1
  m_PrefabParentObject: {fileID: 0}
  m_PrefabInternal: {fileID: 100100000}
  m_GameObject: {fileID: 1042599349825696}
  m_LocalRotation: {x: -0.7071068, y: 0, z: -0, w: 0.7071068}
  m_LocalPosition: {x: -0, y: 0, z: 0}
  m_LocalScale: {x: 1, y: 1, z: 1}
  m_Children: []
  m_Father: {fileID: 4136581628122556}
  m_RootOrder: 4
  m_LocalEulerAnglesHint: {x: 0, y: 0, z: 0}
--- !u!4 &4691560892873032
Transform:
  m_ObjectHideFlags: 1
  m_PrefabParentObject: {fileID: 0}
  m_PrefabInternal: {fileID: 100100000}
  m_GameObject: {fileID: 1196722503354966}
  m_LocalRotation: {x: -0.49999964, y: 0.50000036, z: 0.49999964, w: 0.50000036}
  m_LocalPosition: {x: -0, y: 0, z: 0}
  m_LocalScale: {x: 1, y: 0.99999994, z: 0.99999994}
  m_Children:
  - {fileID: 4922972535011686}
  m_Father: {fileID: 4405514098637838}
  m_RootOrder: 1
  m_LocalEulerAnglesHint: {x: 0, y: 0, z: 0}
--- !u!4 &4817014730209584
Transform:
  m_ObjectHideFlags: 1
  m_PrefabParentObject: {fileID: 0}
  m_PrefabInternal: {fileID: 100100000}
  m_GameObject: {fileID: 1175617752822282}
  m_LocalRotation: {x: 0, y: 0, z: -0.7071063, w: 0.70710725}
  m_LocalPosition: {x: -0, y: 0, z: -0.5879093}
  m_LocalScale: {x: 1, y: 1, z: 1}
  m_Children: []
  m_Father: {fileID: 4405514098637838}
  m_RootOrder: 0
  m_LocalEulerAnglesHint: {x: 0, y: 0, z: 0}
--- !u!4 &4888568576212414
Transform:
  m_ObjectHideFlags: 1
  m_PrefabParentObject: {fileID: 0}
  m_PrefabInternal: {fileID: 100100000}
  m_GameObject: {fileID: 1885575977838098}
  m_LocalRotation: {x: -0.7068252, y: -0.000000010540906, z: -0.000000010532516, w: 0.7073882}
  m_LocalPosition: {x: -0.20316204, y: 0.000000024795533, z: -0.000000049591065}
  m_LocalScale: {x: 1, y: 1.0000001, z: 1.0000001}
  m_Children: []
  m_Father: {fileID: 4651344565181494}
  m_RootOrder: 0
  m_LocalEulerAnglesHint: {x: 0, y: 0, z: 0}
--- !u!4 &4897687909582128
Transform:
  m_ObjectHideFlags: 1
  m_PrefabParentObject: {fileID: 0}
  m_PrefabInternal: {fileID: 100100000}
  m_GameObject: {fileID: 1830850029361130}
  m_LocalRotation: {x: 6.750156e-14, y: -2.842171e-14, z: -0.000000007450581, w: 1}
  m_LocalPosition: {x: -0.3513276, y: -0.01503983, z: -0.000000041714436}
  m_LocalScale: {x: 1, y: 1, z: 0.99999994}
  m_Children:
  - {fileID: 4975676725671756}
  - {fileID: 4118534461792760}
  - {fileID: 4249404593223460}
  m_Father: {fileID: 4467695608143510}
  m_RootOrder: 0
  m_LocalEulerAnglesHint: {x: 0, y: 0, z: 0}
--- !u!4 &4898426724815152
Transform:
  m_ObjectHideFlags: 1
  m_PrefabParentObject: {fileID: 0}
  m_PrefabInternal: {fileID: 100100000}
  m_GameObject: {fileID: 1834986981747036}
  m_LocalRotation: {x: 0.000000019686512, y: -0.000000026882423, z: 0.16764605, w: 0.9858473}
  m_LocalPosition: {x: -0.35164657, y: 0.000000012397766, z: 0}
  m_LocalScale: {x: 0.9999999, y: 0.99999994, z: 1}
  m_Children:
  - {fileID: 4270210715978702}
  m_Father: {fileID: 4615400135317712}
  m_RootOrder: 0
  m_LocalEulerAnglesHint: {x: 0, y: 0, z: 0}
--- !u!4 &4922972535011686
Transform:
  m_ObjectHideFlags: 1
  m_PrefabParentObject: {fileID: 0}
  m_PrefabInternal: {fileID: 100100000}
  m_GameObject: {fileID: 1412579310786372}
  m_LocalRotation: {x: -0.000002080476, y: 0.000000693676, z: -0.000398159, w: 0.99999994}
  m_LocalPosition: {x: -0.15540887, y: -0.021303963, z: 0.0000002740308}
  m_LocalScale: {x: 1, y: 0.99999994, z: 0.99999994}
  m_Children:
  - {fileID: 4456907957373768}
  - {fileID: 4081346486836574}
  - {fileID: 4467695608143510}
  m_Father: {fileID: 4691560892873032}
  m_RootOrder: 0
  m_LocalEulerAnglesHint: {x: 0, y: 0, z: 0}
--- !u!4 &4975676725671756
Transform:
  m_ObjectHideFlags: 1
  m_PrefabParentObject: {fileID: 0}
  m_PrefabInternal: {fileID: 100100000}
  m_GameObject: {fileID: 1129668325610482}
  m_LocalRotation: {x: 2.2977212e-13, y: 0.00000032444518, z: -0.116975494, w: 0.9931348}
  m_LocalPosition: {x: -0.07810702, y: -0.0075569595, z: -0.000000011104945}
  m_LocalScale: {x: 1, y: 1, z: 0.99999994}
  m_Children:
  - {fileID: 4476607703167442}
  - {fileID: 4459902452142888}
  - {fileID: 4979874626222140}
  - {fileID: 4050608744982232}
  - {fileID: 4458689870723488}
  m_Father: {fileID: 4897687909582128}
  m_RootOrder: 0
  m_LocalEulerAnglesHint: {x: 0, y: 0, z: 0}
--- !u!4 &4979874626222140
Transform:
  m_ObjectHideFlags: 1
  m_PrefabParentObject: {fileID: 0}
  m_PrefabInternal: {fileID: 100100000}
  m_GameObject: {fileID: 1336241360911982}
  m_LocalRotation: {x: 0.8564107, y: -0.23963428, z: -0.23425484, w: 0.39276057}
  m_LocalPosition: {x: -0.29334384, y: 0.11129202, z: 0.08581446}
  m_LocalScale: {x: 2.9699476, y: 1.4078577, z: 1.0000004}
  m_Children: []
  m_Father: {fileID: 4975676725671756}
  m_RootOrder: 2
  m_LocalEulerAnglesHint: {x: 0, y: 0, z: 0}
--- !u!4 &4999337712865998
Transform:
  m_ObjectHideFlags: 1
  m_PrefabParentObject: {fileID: 0}
  m_PrefabInternal: {fileID: 100100000}
  m_GameObject: {fileID: 1533330747511586}
  m_LocalRotation: {x: 0.024502084, y: 0.09763898, z: -0.24892262, w: 0.96327764}
  m_LocalPosition: {x: -0.2540175, y: -0.000000006198883, z: 0}
  m_LocalScale: {x: 0.99999994, y: 1, z: 1.0000001}
  m_Children:
  - {fileID: 4326981494352578}
  m_Father: {fileID: 4383110807216190}
  m_RootOrder: 0
  m_LocalEulerAnglesHint: {x: 0, y: 0, z: 0}
--- !u!54 &54675036624036270
Rigidbody:
  m_ObjectHideFlags: 1
  m_PrefabParentObject: {fileID: 0}
  m_PrefabInternal: {fileID: 100100000}
  m_GameObject: {fileID: 1534304110687786}
  serializedVersion: 2
  m_Mass: 1
  m_Drag: 0
  m_AngularDrag: 0.05
  m_UseGravity: 1
  m_IsKinematic: 1
  m_Interpolate: 0
  m_Constraints: 0
  m_CollisionDetection: 0
--- !u!95 &95324583110679378
Animator:
  serializedVersion: 3
  m_ObjectHideFlags: 1
  m_PrefabParentObject: {fileID: 0}
  m_PrefabInternal: {fileID: 100100000}
  m_GameObject: {fileID: 1534304110687786}
  m_Enabled: 1
  m_Avatar: {fileID: 9000000, guid: e30a2be7bb1546f4181d5a21241ce53a, type: 3}
  m_Controller: {fileID: 9100000, guid: 16641b640e372c74fa2b5b18ac2fbfdc, type: 2}
  m_CullingMode: 1
  m_UpdateMode: 0
  m_ApplyRootMotion: 1
  m_LinearVelocityBlending: 0
  m_WarningMessage: 
  m_HasTransformHierarchy: 1
  m_AllowConstantClipSamplingOptimization: 1
--- !u!114 &114050538293509878
MonoBehaviour:
  m_ObjectHideFlags: 1
  m_PrefabParentObject: {fileID: 0}
  m_PrefabInternal: {fileID: 100100000}
  m_GameObject: {fileID: 1534304110687786}
  m_Enabled: 1
  m_EditorHideFlags: 0
  m_Script: {fileID: 11500000, guid: 05516b529f2216d42810e55e22a5c4e2, type: 3}
  m_Name: 
  m_EditorClassIdentifier: 
  AttackSpeed: 50
  CanAttack: 0
--- !u!114 &114138388208698228
MonoBehaviour:
  m_ObjectHideFlags: 1
  m_PrefabParentObject: {fileID: 0}
  m_PrefabInternal: {fileID: 100100000}
  m_GameObject: {fileID: 1534304110687786}
  m_Enabled: 1
  m_EditorHideFlags: 0
  m_Script: {fileID: 11500000, guid: 3efee94b4d409444fa6e3b5802a2c4be, type: 3}
  m_Name: 
  m_EditorClassIdentifier: 
  Vitality: 0
  Strength: 0
  Agility: 0
  Type: 0
--- !u!114 &114254866512755386
MonoBehaviour:
  m_ObjectHideFlags: 1
  m_PrefabParentObject: {fileID: 0}
  m_PrefabInternal: {fileID: 100100000}
  m_GameObject: {fileID: 1290916317313540}
  m_Enabled: 1
  m_EditorHideFlags: 0
  m_Script: {fileID: 11500000, guid: 61673dfd723ed4249a2d691175aa61e6, type: 3}
  m_Name: 
  m_EditorClassIdentifier: 
  HealthBar: {fileID: 114810822533340742}
--- !u!114 &114291316458877630
MonoBehaviour:
  m_ObjectHideFlags: 1
  m_PrefabParentObject: {fileID: 0}
  m_PrefabInternal: {fileID: 100100000}
  m_GameObject: {fileID: 1752907979613078}
  m_Enabled: 1
  m_EditorHideFlags: 0
  m_Script: {fileID: 1301386320, guid: f70555f144d8491a825f0804e09c671c, type: 3}
  m_Name: 
  m_EditorClassIdentifier: 
  m_IgnoreReversedGraphics: 1
  m_BlockingObjects: 0
  m_BlockingMask:
    serializedVersion: 2
    m_Bits: 4294967295
--- !u!114 &114638138047396242
MonoBehaviour:
  m_ObjectHideFlags: 1
  m_PrefabParentObject: {fileID: 0}
  m_PrefabInternal: {fileID: 100100000}
  m_GameObject: {fileID: 1743076267924004}
  m_Enabled: 1
  m_EditorHideFlags: 0
  m_Script: {fileID: 11500000, guid: bba0404002d64d644b17f35508288134, type: 3}
  m_Name: 
  m_EditorClassIdentifier: 
--- !u!114 &114640952767781728
MonoBehaviour:
  m_ObjectHideFlags: 1
  m_PrefabParentObject: {fileID: 0}
  m_PrefabInternal: {fileID: 100100000}
  m_GameObject: {fileID: 1746243042455514}
  m_Enabled: 1
  m_EditorHideFlags: 0
  m_Script: {fileID: 11500000, guid: 808049dbad338f34ba1008d9f397d6a5, type: 3}
  m_Name: 
  m_EditorClassIdentifier: 
--- !u!114 &114717960624436952
MonoBehaviour:
  m_ObjectHideFlags: 1
  m_PrefabParentObject: {fileID: 0}
  m_PrefabInternal: {fileID: 100100000}
  m_GameObject: {fileID: 1290916317313540}
  m_Enabled: 1
  m_EditorHideFlags: 0
  m_Script: {fileID: 11500000, guid: 0385835b04c290041be574afcd5cc25b, type: 3}
  m_Name: 
  m_EditorClassIdentifier: 
  Name: 1
--- !u!114 &114738806286650894
MonoBehaviour:
  m_ObjectHideFlags: 1
  m_PrefabParentObject: {fileID: 0}
  m_PrefabInternal: {fileID: 100100000}
  m_GameObject: {fileID: 1752907979613078}
  m_Enabled: 1
  m_EditorHideFlags: 0
  m_Script: {fileID: 1980459831, guid: f70555f144d8491a825f0804e09c671c, type: 3}
  m_Name: 
  m_EditorClassIdentifier: 
  m_UiScaleMode: 0
  m_ReferencePixelsPerUnit: 100
  m_ScaleFactor: 1
  m_ReferenceResolution: {x: 800, y: 600}
  m_ScreenMatchMode: 0
  m_MatchWidthOrHeight: 0
  m_PhysicalUnit: 3
  m_FallbackScreenDPI: 96
  m_DefaultSpriteDPI: 96
  m_DynamicPixelsPerUnit: 1
--- !u!114 &114810822533340742
MonoBehaviour:
  m_ObjectHideFlags: 1
  m_PrefabParentObject: {fileID: 0}
  m_PrefabInternal: {fileID: 100100000}
  m_GameObject: {fileID: 1290916317313540}
  m_Enabled: 1
  m_EditorHideFlags: 0
  m_Script: {fileID: -765806418, guid: f70555f144d8491a825f0804e09c671c, type: 3}
  m_Name: 
  m_EditorClassIdentifier: 
  m_Material: {fileID: 0}
  m_Color: {r: 1, g: 1, b: 1, a: 1}
  m_RaycastTarget: 1
  m_OnCullStateChanged:
    m_PersistentCalls:
      m_Calls: []
    m_TypeName: UnityEngine.UI.MaskableGraphic+CullStateChangedEvent, UnityEngine.UI,
      Version=1.0.0.0, Culture=neutral, PublicKeyToken=null
  m_Sprite: {fileID: 21300000, guid: 6312b5a3dbe9d0945b9a555725f7c32f, type: 3}
  m_Type: 3
  m_PreserveAspect: 0
  m_FillCenter: 1
  m_FillMethod: 0
  m_FillAmount: 1
  m_FillClockwise: 1
  m_FillOrigin: 1
--- !u!114 &114949594087524288
MonoBehaviour:
  m_ObjectHideFlags: 1
  m_PrefabParentObject: {fileID: 0}
  m_PrefabInternal: {fileID: 100100000}
  m_GameObject: {fileID: 1534304110687786}
  m_Enabled: 1
  m_EditorHideFlags: 0
  m_Script: {fileID: 11500000, guid: a554a64c2218d9840a011246a2788672, type: 3}
  m_Name: 
  m_EditorClassIdentifier: 
--- !u!114 &114982574695843064
MonoBehaviour:
  m_ObjectHideFlags: 1
  m_PrefabParentObject: {fileID: 0}
  m_PrefabInternal: {fileID: 100100000}
  m_GameObject: {fileID: 1534304110687786}
  m_Enabled: 1
  m_EditorHideFlags: 0
  m_Script: {fileID: 11500000, guid: 4a91d3f51f8659c4f89275d3e3aba2eb, type: 3}
  m_Name: 
  m_EditorClassIdentifier: 
  State: 0
--- !u!135 &135537482520862770
SphereCollider:
  m_ObjectHideFlags: 1
  m_PrefabParentObject: {fileID: 0}
  m_PrefabInternal: {fileID: 100100000}
  m_GameObject: {fileID: 1746243042455514}
  m_Material: {fileID: 0}
  m_IsTrigger: 1
  m_Enabled: 1
  serializedVersion: 2
  m_Radius: 2
  m_Center: {x: 0, y: 0, z: 0}
--- !u!135 &135730685264315892
SphereCollider:
  m_ObjectHideFlags: 1
  m_PrefabParentObject: {fileID: 0}
  m_PrefabInternal: {fileID: 100100000}
  m_GameObject: {fileID: 1743076267924004}
  m_Material: {fileID: 0}
  m_IsTrigger: 1
  m_Enabled: 1
  serializedVersion: 2
  m_Radius: 5
  m_Center: {x: 0, y: 0, z: 0}
--- !u!136 &136748907269534006
CapsuleCollider:
  m_ObjectHideFlags: 1
  m_PrefabParentObject: {fileID: 0}
  m_PrefabInternal: {fileID: 100100000}
  m_GameObject: {fileID: 1534304110687786}
  m_Material: {fileID: 0}
  m_IsTrigger: 0
  m_Enabled: 1
  m_Radius: 0.5
  m_Height: 1
  m_Direction: 1
  m_Center: {x: 0, y: 0.5, z: 0}
--- !u!137 &137445161790682102
SkinnedMeshRenderer:
  m_ObjectHideFlags: 1
  m_PrefabParentObject: {fileID: 0}
  m_PrefabInternal: {fileID: 100100000}
  m_GameObject: {fileID: 1320908028169262}
  m_Enabled: 1
  m_CastShadows: 1
  m_ReceiveShadows: 1
  m_DynamicOccludee: 1
  m_MotionVectors: 1
  m_LightProbeUsage: 1
  m_ReflectionProbeUsage: 1
  m_Materials:
  - {fileID: 2100000, guid: 8650faf7a4f77934a962b4034f3279bf, type: 2}
  m_StaticBatchInfo:
    firstSubMesh: 0
    subMeshCount: 0
  m_StaticBatchRoot: {fileID: 0}
  m_ProbeAnchor: {fileID: 0}
  m_LightProbeVolumeOverride: {fileID: 0}
  m_ScaleInLightmap: 1
  m_PreserveUVs: 0
  m_IgnoreNormalsForChartDetection: 0
  m_ImportantGI: 0
  m_StitchLightmapSeams: 0
  m_SelectedEditorRenderState: 3
  m_MinimumChartSize: 4
  m_AutoUVMaxDistance: 0.5
  m_AutoUVMaxAngle: 89
  m_LightmapParameters: {fileID: 0}
  m_SortingLayerID: 0
  m_SortingLayer: 0
  m_SortingOrder: 0
  serializedVersion: 2
  m_Quality: 0
  m_UpdateWhenOffscreen: 0
  m_SkinnedMotionVectors: 1
  m_Mesh: {fileID: 4300000, guid: e30a2be7bb1546f4181d5a21241ce53a, type: 3}
  m_Bones:
  - {fileID: 4562021514367452}
  m_BlendShapeWeights: []
  m_RootBone: {fileID: 4562021514367452}
  m_AABB:
    m_Center: {x: 0.00000010430813, y: 0, z: 0.44676554}
    m_Extent: {x: 0.17956652, y: 0.18937689, z: 0.7139574}
  m_DirtyAABB: 0
--- !u!137 &137657598352254304
SkinnedMeshRenderer:
  m_ObjectHideFlags: 1
  m_PrefabParentObject: {fileID: 0}
  m_PrefabInternal: {fileID: 100100000}
  m_GameObject: {fileID: 1042599349825696}
  m_Enabled: 1
  m_CastShadows: 1
  m_ReceiveShadows: 1
  m_DynamicOccludee: 1
  m_MotionVectors: 1
  m_LightProbeUsage: 1
  m_ReflectionProbeUsage: 1
  m_Materials:
  - {fileID: 2100000, guid: 8650faf7a4f77934a962b4034f3279bf, type: 2}
  m_StaticBatchInfo:
    firstSubMesh: 0
    subMeshCount: 0
  m_StaticBatchRoot: {fileID: 0}
  m_ProbeAnchor: {fileID: 0}
  m_LightProbeVolumeOverride: {fileID: 0}
  m_ScaleInLightmap: 1
  m_PreserveUVs: 0
  m_IgnoreNormalsForChartDetection: 0
  m_ImportantGI: 0
  m_StitchLightmapSeams: 0
  m_SelectedEditorRenderState: 3
  m_MinimumChartSize: 4
  m_AutoUVMaxDistance: 0.5
  m_AutoUVMaxAngle: 89
  m_LightmapParameters: {fileID: 0}
  m_SortingLayerID: 0
  m_SortingLayer: 0
  m_SortingOrder: 0
  serializedVersion: 2
  m_Quality: 0
  m_UpdateWhenOffscreen: 0
  m_SkinnedMotionVectors: 1
  m_Mesh: {fileID: 4300002, guid: e30a2be7bb1546f4181d5a21241ce53a, type: 3}
  m_Bones:
  - {fileID: 4975676725671756}
  - {fileID: 4922972535011686}
  - {fileID: 4467695608143510}
  - {fileID: 4249404593223460}
  - {fileID: 4615400135317712}
  - {fileID: 4458689870723488}
  - {fileID: 4050608744982232}
  - {fileID: 4897687909582128}
  - {fileID: 4691560892873032}
  - {fileID: 4459902452142888}
  - {fileID: 4999337712865998}
  - {fileID: 4043328397614686}
  - {fileID: 4898426724815152}
  - {fileID: 4270210715978702}
  - {fileID: 4081346486836574}
  - {fileID: 4370645558633856}
  - {fileID: 4326981494352578}
  - {fileID: 4118534461792760}
  - {fileID: 4122476688231194}
  - {fileID: 4979874626222140}
  - {fileID: 4651344565181494}
  - {fileID: 4888568576212414}
  - {fileID: 4456907957373768}
  - {fileID: 4383110807216190}
  m_BlendShapeWeights: []
  m_RootBone: {fileID: 4691560892873032}
  m_AABB:
    m_Center: {x: -0.46996328, y: 0.17455149, z: 0.001706481}
    m_Extent: {x: 1.0536444, y: 0.6790161, z: 0.84798336}
  m_DirtyAABB: 0
--- !u!195 &195350126918120050
NavMeshAgent:
  m_ObjectHideFlags: 1
  m_PrefabParentObject: {fileID: 0}
  m_PrefabInternal: {fileID: 100100000}
  m_GameObject: {fileID: 1534304110687786}
  m_Enabled: 1
  m_AgentTypeID: 0
  m_Radius: 0.4
  m_Speed: 2
  m_Acceleration: 40
  avoidancePriority: 50
  m_AngularSpeed: 200
  m_StoppingDistance: 0
  m_AutoTraverseOffMeshLink: 1
  m_AutoBraking: 1
  m_AutoRepath: 1
  m_Height: 3
  m_BaseOffset: 0
  m_WalkableMask: 4294967295
  m_ObstacleAvoidanceType: 4
--- !u!222 &222352213099238836
CanvasRenderer:
  m_ObjectHideFlags: 1
  m_PrefabParentObject: {fileID: 0}
  m_PrefabInternal: {fileID: 100100000}
  m_GameObject: {fileID: 1290916317313540}
--- !u!223 &223290235040226642
Canvas:
  m_ObjectHideFlags: 1
  m_PrefabParentObject: {fileID: 0}
  m_PrefabInternal: {fileID: 100100000}
  m_GameObject: {fileID: 1752907979613078}
  m_Enabled: 1
  serializedVersion: 3
  m_RenderMode: 2
  m_Camera: {fileID: 0}
  m_PlaneDistance: 100
  m_PixelPerfect: 0
  m_ReceivesEvents: 1
  m_OverrideSorting: 0
  m_OverridePixelPerfect: 0
  m_SortingBucketNormalizedSize: 0
  m_AdditionalShaderChannelsFlag: 0
  m_SortingLayerID: 0
  m_SortingOrder: 1
  m_TargetDisplay: 0
--- !u!224 &224510682951772270
RectTransform:
  m_ObjectHideFlags: 1
  m_PrefabParentObject: {fileID: 0}
  m_PrefabInternal: {fileID: 100100000}
  m_GameObject: {fileID: 1752907979613078}
  m_LocalRotation: {x: -0, y: -0, z: -0, w: 1}
  m_LocalPosition: {x: 0, y: 0, z: 0}
  m_LocalScale: {x: 1, y: 1, z: 1}
  m_Children:
  - {fileID: 224602256983447336}
  m_Father: {fileID: 4136581628122556}
  m_RootOrder: 0
  m_LocalEulerAnglesHint: {x: 0, y: 0, z: 0}
  m_AnchorMin: {x: 0, y: 0}
  m_AnchorMax: {x: 0, y: 0}
  m_AnchoredPosition: {x: 0, y: 0}
  m_SizeDelta: {x: 0, y: 0}
  m_Pivot: {x: 0.5, y: 0.5}
--- !u!224 &224602256983447336
RectTransform:
  m_ObjectHideFlags: 1
  m_PrefabParentObject: {fileID: 0}
  m_PrefabInternal: {fileID: 100100000}
  m_GameObject: {fileID: 1290916317313540}
  m_LocalRotation: {x: 0, y: 0, z: 0, w: 1}
  m_LocalPosition: {x: 0, y: 0, z: 0}
  m_LocalScale: {x: 1, y: 1, z: 1}
  m_Children: []
  m_Father: {fileID: 224510682951772270}
  m_RootOrder: 0
  m_LocalEulerAnglesHint: {x: 0, y: 0, z: 0}
  m_AnchorMin: {x: 0.5, y: 0.5}
  m_AnchorMax: {x: 0.5, y: 0.5}
  m_AnchoredPosition: {x: 0, y: 0}
  m_SizeDelta: {x: 2, y: 0.3}
  m_Pivot: {x: 0.5, y: 0.5}
